@book{kompendium18,
      author    = "Urs Vonesch und Susanne Wagner",
      title     = "Kompendium Mathematik Fachbereich Gesundheit und Soziale Arbeit",
      publisher = "Berufsmaturitätsschule Zürich",
      year      = "2018"
}

@book{frommenwiler18geom,
      author    = "Kurt Studer und Peter Frommenwiler",
      title     = "Mathematik für Maturitätsschulen, Geometrie",
      publisher = "Cornelsen",
      year      = "2018",
      isbn      = "978-3-06-028275-3"
}

@book{frommenwiler17alg,
      author    = "Kurt Studer und Peter Frommenwiler",
      title     = "Mathematik für Maturitätsschulen, Algebra und Datenanalyse",
      publisher = "Cornelsen",
      year      = "2017",
      isbn      = "978-3-06-450955-9"
}

@book{marthaler17,
	author    = "Jakob und Reuter und Marthaler",
	title     = "Mathematik I, Algebra für die Berufsmaturität",
	publisher = "hep-verlag",
	year      = "2017",
	isbn      = "978-3-0355-1072-0",
	url       = "https://www.hep-verlag.ch/algebra"
}

@book{marthaler21alg,
	author    = "Jakob und Reuter und Marthaler",
	title     = "Algebra / Mathematik 1",
	publisher = "hep-verlag",
	year      = "2021",
	isbn      = "978-3-0355-1904-4", 
	url       = "https://www.hep-verlag.ch/algebra"
}

@book{marthaler20geom,
	author    = "Jakob und Reuter und Marthaler",
	title     = "Geometrie / Mathematik 2",
	publisher = "hep-verlag",
	year      = "2020",
	isbn      = "978-3-0355-1742-2", 
	url       = "https://www.hep-verlag.ch/geometrie"
}

@book{gressly11,
    author    = "Philipp Gressly-Freimann and Martin Guggisberg",
    title     = "Programmieren lernen",
    publisher = "Orell Füssli",
    year      = "2011",
    month     = "1",
    isbn      = "978-3-280-04066-9",
    url       = "https://programmieraufgaben.ch",
}

@book{FormelnUndTafeln19,
    author    = "Durandi, et al, DMK (Deutschschweizerische Mathematikkommission)",
    title     = "Formeln und Tafeln",
    publisher = "Orell Füssli Verlag",
    year      = "2019",
    isbn      = "978-3-280-04193-2",
    url       = "https://www.ofv.ch",
}

@book{gressly14OO,
  author = "Philipp Gressly Freimann",
	title  = "Objekte und Klassen",
	year   = "2015",
	month  =  "6",
	publisher = "LaTeX 3.14",
	url    = "https://programmieraufgaben.ch/uploads/oo.pdf"
}

@book{oester05,
    author    = "Bernd Oestereich",
    title     = "Analyse und Design mit UML 2",
    publisher = "Oldenbourg",
    year      = "2005",
    month     = "7-486-576545-2",
    isbn      = "3-",
    url       = "http://www.oose.de/uml",
}

@book{knuth1,
    author    = "Donald E. Knuth",
    title     = "The Art of Computer Programming",
    publisher = "Addison Wesley",
    year      = "1997",
    isbn      = "0-201-89683-4",
    url       = "http://www.oose.de/uml",
}

@book{hssv12,
    author    = "Peter Hubwieser and Matthias Spohrer and Markus Steinert and Siglinde Voss",
    title     = "Informatik",
    publisher = "Klett",
    year      = "2012",
    isbn      = "978-3-12-731768-8",
}

@book{lowPau90,
    author    = "Martin Lowes, Augustin Paulik",
    title     = "Programmieren mit C",
    publisher = "Vieweg+Teubner",
    year      = "1990",
    isbn      = "978-3519122869",
}

@book{bloch08,
    author    = "Juhua Bloch",
    title     = "Effective Java",
    publisher = "Addison-Wesley; 2 edition (May 28, 2008)",
    year      = "2008",
    isbn      = "978-0321356680",
}

 @misc{ wiki:ieee754,
   author = "Wikipedia",
   title = "IEEE 754 --- Wikipedia{,} Die freie Enzyklopädie",
   year = "2013",
   url = "http://de.wikipedia.org/w/index.php?title=IEEE 754",
   note = "[Online; Stand 23. Januar 2013]"
 }

@book{himanen01,
  author =  "Pekka Himanen",
	title  =  "Die Hacker- Ethik. Und der Geist des Informations- Zeitalters",
	publisher = "Riemann Verlag",
	year      = "2001",
	month     = "9",
	isbn      = "978-3570500200",
}

@book{SunTzu-500,
      author  = "Sun Tzu",
      title   = "Die Kunst des Krieges",
      year    = "-500",
}